@article{lampropoulosgenerating,
  title={Generating Good Generators for Inductive Relations},
  author={LAMPROPOULOS, LEONIDAS and PARASKEVOPOULOU, ZOE and PIERCE, BENJAMIN C}
}
